@manual{föreskrifter,
	author = {Eva Albers},
	title = {Föreskrift för kandidatarbete på Chalmers - genomförande och examination},
	year = {2022},
	month = {08},
	note = {Diarienummer: C 2022-0943}
}
